%Tygron
@misc{tygron,
      author = "Tygron",
      title  = "The Tygron website",
      month  = "June",
      year   = "2015",
      url    = "http://www.tygron.com"
}

%Product Vision
@techreport{vision,
    author    = "Contextgroups",
    title     = "Virtual Humans for Serious Gaming Product Vision",
    institution = "Delft University of Technology",
    month     = "May",
    year      = "2015",
    url       = "https://github.com/tygron-virtual-humans/port-deliverables/blob/master/report/Deliverables/Product%20Vision%20Nieuwe%20versie.pdf"
}

%GAMYGDALA
@techreport{gamygdala,
    author    = "Alexandru Popescu and Joost Broekens and Maarten van Someren",
    title     = "GAMYGDALA: an Emotion Engine for Games",
    institution = "Delft University of Technology and The Informatics Institute of the University of Amsterdam",
    month     = "January",
    year      = "2013",
    url       = "http://www.joostbroekens.com/files/Popescu_Broekens_Someren_2013.pdf"
}

%GOAL
@techreport{goal,
    author    = "Koen V. Hindriks",
    title     = "Programming Cognitive Agents in GOAL",
    institution = "Delft University of Technology",
    month     = "March",
    year      = "2014",
    url       = "http://ii.tudelft.nl/trac/goal/raw-attachment/wiki/WikiStart/Guide.pdf"
}

%%%%%%%%%%%%%%%%%%%%%%%%%%%%%%%%%%%%%%%%%%%%%%%%%%%%%%%%%%%%%%%%%%%%%%%
%Examples
%@misc{moscow,
%      author = "Dai Clegg",
%      title  = "MoSCoW Prioritisation",
%      month  = "mei",
%      year   = "2014",
%      url    = "http://dsdm.org/content/10-moscow-prioritisation"
%}
%
%@techreport{bradner,
%    author    = "Bradner, S.",
%    title     = "Best current practice",
%    institution = "Harvard University",
%    month     = "maart",
%    year      = "1997",
%    url       = "http://www.ietf.org/rfc/rfc2119.txt"
%}
%
%@manual{utgoalmanual,
%    author    = "Hindriks, K. and Korstanje, R. and Pasman, W. and van Riemsdijk, B. and de Rijk, L. and Evers, P. and Hegemans, M.",
%    title     = "UT-Goal Manual",
%    organization = "TU Delft",
%    year      = "2014",
%    url       = "http://ii.tudelft.nl/trac/goal/raw-attachment/wiki/Projects/UT3/UT%20Environment%20Manual.pdf"
%}